@article{BS84,
author = {H. L. Bryden and H. M. Stommel},
title = {Limiting processes that determine basic features of the circulation in the {M}editerranean {S}ea},
journal = {Oceanologica Acta},
volume = 7,
number = 3,
year = 1984,
pages = {289-296},
}

@article{CW90,
author = {Candela, J. and Winant, C.},
title = {Tides in the {S}trait of {G}ibraltar},
journal = {Journal of Geophysocal Research},
volume = 95,
number = {C5},
pages = {7313-7335},
year = 1990,
}

@article{Garett90,
author = {C. Garrett and M. Bormans and K. Thompson},
  title = {Is the exchange through the {S}trait of {G}ibraltar maximal or submaximal ?},
  year = {1990},
  journal = {The Physical Oceanography of Sea Straits},
  pages = {271-294},
  }
  
@article{Sannino2014,
author = {G. Sannino and J. C. S\'anchez Garrido and L. Liberti and L. Pratt},
title = {Exchange flow through the {S}trait of {G}ibraltar as simulated by a $\sigma$-Coordinate Hydrostatic Model and a z-coordinate nonhydrostatic model},
year=2014,
journal={The Mediterranean Sea: Temporal Variability and Spatial Patterns, Geophysical Monograph 202}
}

@article{FA1988,
author = {D. Farmer and L. Armi},
title = {The flow of {M}editerranean {W}ater through the {S}trait of {G}ibraltar},
journal = {Progress in Oceanography},
volume = {21},
number = {1},
pages = {1-103},
year= {1988},
}

@article{Bruno2002,
year={2002},
author={M. Bruno and J. Juan Alonso and A. C\'ozar and J. Viad and A. Ruiz-Ca\~navate and F. Echevarr\'ia and J. Ruiz},
title={The boiling-water phenomena at {C}amarinal {S}ill, the strait of {G}ibraltar},
journal={Deep-Sea Research II},
volume={49},
pages={4097-4113},
}

@article{Munk1998,
year={1998},
author={W. Munk and C. Wunsch},
title={Abyssal recipes II : energetics of tidal and wind mixing},
journal={Deep-Sea Research I},
volume={45},
pages={1977-2010},
}

@article{Munk1966,
year={1966},
author={W. H. Munk},
title={Abyssal recipes},
journal={Deep-Sea Research},
volume={13},
pages={707-730},
}

@article{Bormans1989,
author={M. Bormans and C. Garrett},
year=1989,
title={The effect of rotation on the surface inlow through the {S}trait of {G}ibraltar},
journal={Jounal of physical oceanography},
volume={19},
pages={1535-1542},
}

@article{Vazquez2006,
author={A. V\'azquez and N. Stashchuk and V. Vlasenko and M. Bruno and A. Izquierdo and P. C. Gallacher},
year={2006},
journal={Geophysical reaserch letters},
volume={33},
title={Evidence of multimodal structure of the baroclinic tide in the {S}trait of {G}ibraltar},
}

@article{Vlasenko2009,
author={V. Vlasenko and J. C. Sanchez Garrido and N. Stashchuk and J. Garcia Lafuente and M. Losada},
title={Three-dimensional evolution of large-amplitude internal waves in the {S}trait of {G}ibraltar},
year={2009},
journal={Journal of physical oceanography},
volume={39},
}

@article{FA1986,
author={D. M. Farmer and L. Armi},
title={Maximal two-layer exchange over a sill and through the combination of a sill and contraction with barotropic flow},
year={1986},
journal={Journal of Fluid Mechanics},
volume={164},
pages={53-76},
}

@article{Tsimplis2000,
year={2000},
author={M. N. Tsimplis and H. L. Bryden},
title={Estimation of the transport through the {S}trait of {G}ibraltar},
journal={Deep-sea Research I},
volume={47},
pages={2219-2242},
}

@article{Sannino2002,
author={G. Sannino and B. Bargagli and V. Artale},
year={2002},
title={Numerical mdeling of the mean excghange through the {S}trait of {G}ibraltar},
journal={Jounral of geophysicall reaserch},
volume={107},
}

@article{SG2011,
author={J. C. S\'anchez-Garrido and G. Sannino and L. Liberti and J. Garcia Lafuente and L. Pratt},
title={Numerical modeling of three-dimensional stratified tidal flow over {C}amarinal {S}ill, {S}trait of {G}ibraltar},
year={2011},
journal={Jounal of geophysical Reaserch},
volume={116},
}

@book{Baines1995,
author={P. G. Baines},
title={Topographic Effects in Stratified Flows},
year={1995},
pages={482},
edition={{C}ambridge {U}niversity {P}ress},
}

@book{Grinstein2007,
author={F.F. Grinstein and L.G. Margolin and W.J. Rider},
title={Implicit Large Eddy Simulation : Computing Turbulen Fluid Dynamics},
year={2007},
pages={578},
edition={{C}ambridge {U}niversity {P}ress},
}

@article{Sannino2009,
title={An eddy-permitting model of the {M}editerranean {S}ea with two-way grid refinement at the {S}trait of {G}ibraltar},
author={G. Sannino and M. Herrmann and A. Carillo and V. Rupolo and V. Ruggiero and V. artale and P. Heimbach},
journal={Ocean Modelling},
volume={30},
year={2009a},
pages={56-72},
}

@article{Sannino2009b,
title={Hydraulic Criticality of the Exchange Flow through the Strait of Gibraltar},
author={G. Sannino and L. Pratt and A. Carillo},
journal={Journal of Physical Oceanography},
volume={39},
year={2009b},
pages={2779-2799},
}

@article{Naranjo2014,
author={C. Naranjo and J. Garcia-Lafuente and G. Sannino and J.C. Sanchez-Garrido},
title={How much do tides affect the circulation of the {M}editerranean {S}ea? From local processes in the {S}trait of {G}ibraltar to basin-scale effects},
journal={Progress in Oceanography},
volume={127},
year={2014},
pages={108-116},
}

@article{Brandt1996,
author={P. Brandt and W. Alpers and J.O. Backhaus},
title={Study of the generation and propagation of internal waves in the {S}trait of {G}ibraltar using a numerical model and synthetic aperture radar images of the European {ERS} 1 satellite},
year={1996},
journal={Journal of Geophysical Research},
volume={101},
numero={C6},
pages={14237-14252},
}

@article{Sannino2004,
title={Numerical modeling of the semidiurnal tidal exchange through
the {S}trait of {G}ibraltar},
author={G. Sannino and A. Bargagli and V. Artale},
year={2004},
journal={Journal of Geophysical Research},
volume={109},
number={C05011},
}

@article{Sannino2015,
author = {G. Sannino and G. A. Carillo and G. Pisacane and C. Naranjo},
title = {On the relevance of tidal forcing in modelling the Mediterranean thermohaline circulation},
year=2015,
journal={Progress in Oceanography},
volume={134},
pages={304-329},
}

@article{Sannino2007,
author = {G. Sannino and A. Carillo and V. Artale},
title = {Three-layer view of transports and hydraulics in the Strait of Gibraltar: A three-dimensional model study},
year=2007,
journal={Journal of Geophysical Research},
volume={112},
number={C03010},
}

@article{Shchepetkin2003,
author = {Shchepetkin, A. F. and McWilliams, J. C.},
title={A method for computing horizontal pressure-gradient force in an ocean model with a non-aligned vertical coordinate},
year=2003,
journal={Journal of Geophysical Research},
volume={108},
pages={35.1-35.34},
}

@article{Shchepetkin1998,
author = {Shchepetkin, A. F. and McWilliams, J. C.},
title={Quasi-monotone advection schemes based on explicit locally adaptive dissipation},
year=1998,
journal={Monthly Weather Review},
volume={126},
pages={1541-1580},
}

@article{Marchesiello2001,
author = {Marchesiello, P. and McWilliams, J. C. and Shchepetkin, A. F.},
title={Open boundary conditions for long-term integration of regional oceanic models},
year=2001,
journal={Ocean Modelling},
volume={3},
pages={1-20},
}

@article{Marchesiello2003,
author = {Marchesiello, P. and McWilliams, J. C. and Shchepetkin, A. F.},
title={Equilibrium structure and dynamics of the California Current System},
year=2003,
journal={Journal of Physical Oceanography},
volume={33},
pages={753-783},
}

@article{Penven2006,
author = {Penven, P. and Debreu, L. and Marchesiello, P. and McWilliams, J. C.},
title={Evaluation and application of the ROMS 1-way embedding procedure to the central california upwelling system},
year=2006,
journal={Ocean Modelling},
volume={12},
pages={157-187},
}

@article{S2005,
title={The regional oceanic modeling system ({ROMS}): a split-explicit, free-surface, topography-following-coordinate oceanic model},
author={A.F. Shchepetkin and J.C. McWilliams},
year={2005},
journal={Ocean Modelling},
volume={9},
pages={347–404},
}

@article{Oddo2014,
title={Sensitivity of the {M}editerranean sea level to atmosperic pressure and free surface elevation numerical formulation in {NEMO}},
author={P. Oddo and A. Bonaduce and N. Pinardi and A. Guarnieri},
year={2014},
journal={Geoscientific Model Development},
volume={7},
pages={3001-3015},
}

@article{Izquierdo2001,
title={Control Variability and Internal Bore Evolution in the
{S}trait of {G}ibraltar: A 2-{D} Two-Layer Model Study},
author={A. Izquierdo and L. Tejedor and D.V. Sein and J.O. Backhaus and P. Brandt and A. Rubino and B. A. Kagan},
year={2001},
journal={Estuarine, Coastal and Shelf Science},
volume={53},
pages={637–651},
}

@article{SN2015,
journal={Climate Dynamics},
title={Evaluation of regional ocean circulation models for the {M}editerranean {S}ea at the {S}trait of {G}ibraltar: volume transport and thermohaline properties of the outflow},
author={J. Soto-Navarro and S. Somot and F. Sevault and J. Beuvier and F. Criado-Aldeanueva and J. Garc\'ia-Lafuente and K. Béranger},
volume={44},
pages={1277-1292},
year={2015},
}

@article{Beth79,
journal={Oceanologica Acta},
title={Budgets of the Mediterranean Sea. Their depenqance on the local climate and on the characteristics of the Atlantic waters},
author={J.P. Bethoux},
volume={2},
number={2},
pages={157-163},
year={1979},
}

@article{Bray95,
journal={Journal of Geophysical Research},
title={The role of the interface in exchange through the Strait of Gibraltar},
author={N. A. Bray and J. Ochoa and T. H. Kinder},
volume={100},
number={C6},
pages={10755-10776},
year={1995},
}

@article{Bryden94,
journal={Progress in Oceanography},
title={Exchange through the Strait of Gibraltar},
author={H.L. Bryden and J. Candela and T.H. Kinder},
volume={33},
pages={201-248},
year={1994},
}

@article{SG2008,
journal={Journal of Geophysical Research},
title={Time-spatial variability observed in velocity of propagation of the internal bore in the Strait of Gibraltar},
author={J.C. S\'anchez Garrido and J. Garc\'ia Lafuente and F. Criado Aldeanueva and A. Baquerizo and G. Sannino},
volume={113},
number={C07034},
year={2008},
}

@article{Debreu2012,
journal={Ocean Modelling},
title={Two-way nesting in split-explicit ocean models: algorithms, implementation and validation},
author={L. Debreu and P. Marchesiello and P. Penven and G. Cambon},
volume={49-50},
pages={1-21},
year={2012},
}

@article{Wesson94,
journal={Journal of Geophysical Research},
title={Mixing at Camarinal Sill in the Strait of Gibraltar},
author={J.C. Wesson and M.C. Gregg},
volume={99},
number={C5},
pages={9847-9878},
year={1994},
}

@phdthesis{Dossmann2012,
school={Universit\'e toulouse III Paul Sabatier},
title={Ondes internes générées sur une dorsale océanique : du laboratoire à l'océan},
author={Y. Dossmann},
year={2012},
}

@article{tpxo8,
journal={Journal of Atmospheric and Oceanic Technology},
author={Gary D. Egbert and Svetlana Y. Erofeeva},
title={Efficient inverse modeling of barotropic ocean tides},
year={2002},
pages={183-204},
volume={19.2},
}

@article{alpers85,
journal={Nature},
author={Werner Alpers},
title={Theory of radar imaging of internal waves},
year={1985},
pages={245-247},
volume={314},
numper={6008},
}

@article{Bordois16,
journal={Physics of Fluid},
author={L. Bordois and A. Paci and F. Auclair and Y. Dossmann},
title={Nonlinear processes generated by supercritical tidal flow in shallow straits},
year={2017},
number={101701},
volume={29}
}

@article{Bordois17,
journal={Physics of Fluid},
author={L. Bordois and F. Auclair and A. Paci,Y. Dossmann and T. Gerkema and C. Nguyen},
title={Tidal energy redistribution among vertical modes in a fluid with a mid-depth pycnocline},
year={2016},
volume={28},
number={066603}
}

@phdthesis{Bordois15,
school={Universit\'e toulouse III Paul Sabatier},
title={Modélisation numérique de la marée interne : Contrôles hydrauliques et topographiques},
author={L. Bordois},
year={2015},
}

@article{Auclair2011,
title={A non-hydrostatic algorithm for free-surface ocean modelling. Ocean Modelling. 36, 49-70, doi:10.1016/j.ocemod.2010.09.006.},
journal={Ocean Modelling},
year={2011},
author={F. Auclair and C. Estournel and J. Floor and M. Herrmann and P. Marsaleix},
volume={36},
pages={49-70}
}

@article{Auclair2018,
title={A non-hydrostatic non-{B}oussinesq algorithm for free-surface ocean modelling},
journal={Minor revision, Ocean Modelling},
year={2018},
author={F. Auclair and L. Bordois and Y. Dossmann and T. Duhaut and C. Nguyen and A. Paci and C. Ulses},
volume={132}
}